%YAML 1.1
%TAG !u! tag:unity3d.com,2011:
--- !u!241 &24100000
AudioMixerController:
  m_ObjectHideFlags: 0
  m_CorrespondingSourceObject: {fileID: 0}
  m_PrefabInstance: {fileID: 0}
  m_PrefabAsset: {fileID: 0}
  m_Name: MainMixer
  m_OutputGroup: {fileID: 0}
  m_MasterGroup: {fileID: 24300002}
  m_Snapshots:
  - {fileID: 245271120003449042}
  - {fileID: 24500006}
  m_StartSnapshot: {fileID: 24500006}
  m_SuspendThreshold: -80
  m_EnableSuspend: 1
  m_UpdateMode: 0
  m_ExposedParameters:
  - guid: 2dac8b139d665ec45a45c8e1cc490d1e
    name: GameMusic
  - guid: 89aa2a4188187a441baefb6ebc5ef01a
    name: GameSFX
  - guid: 441eba108bdf44c4ab9e2ac50c051403
    name: MasterVolume
  - guid: f6c8bd0d3a22fda4fbd8323cfb355d75
    name: UIMusic
  - guid: 9d986966bd1f0df42b68f14ceffbbd8e
    name: UISFX
  - guid: f010e61a5a9295143a70a6cae5510ac5
    name: UIStingers
  m_AudioMixerGroupViews:
  - guids:
    - 2125acf9209044d41a136f274254e49f
    - 857ca8d0ad4012c42aa71e9434d355e7
    - 0c242419a1cd3444fbc55c6c10eca112
    - 0516c1797ad6cbd478edf7b5595d034c
    - 4a577946a7c85244b98eff3253fc52ac
    name: View
  m_CurrentViewIndex: 0
  m_TargetSnapshot: {fileID: 245271120003449042}
--- !u!243 &24300002
AudioMixerGroupController:
  m_ObjectHideFlags: 0
  m_CorrespondingSourceObject: {fileID: 0}
  m_PrefabInstance: {fileID: 0}
  m_PrefabAsset: {fileID: 0}
  m_Name: Master
  m_AudioMixer: {fileID: 24100000}
  m_GroupID: 139f1836afc65e044bf8ad0bc8082bd8
  m_Children:
  - {fileID: 243601046005597456}
  - {fileID: 243976408269241956}
  - {fileID: 243237012052660430}
  - {fileID: 243440200689594062}
  - {fileID: 243900411927270818}
  m_Volume: 441eba108bdf44c4ab9e2ac50c051403
  m_Pitch: 0ac29f1d9edb4ee45b55a1ac17c40bec
  m_Effects:
  - {fileID: 24400004}
  m_UserColorIndex: 0
  m_Mute: 0
  m_Solo: 0
  m_BypassEffects: 0
--- !u!244 &24400004
AudioMixerEffectController:
  m_ObjectHideFlags: 3
  m_CorrespondingSourceObject: {fileID: 0}
  m_PrefabInstance: {fileID: 0}
  m_PrefabAsset: {fileID: 0}
  m_Name: 
  m_EffectID: 827578577e0ff6f4e9437894c348abb0
  m_EffectName: Attenuation
  m_MixLevel: f59a4555f4292bc42b12b6db95770fd5
  m_Parameters: []
  m_SendTarget: {fileID: 0}
  m_EnableWetMix: 0
  m_Bypass: 0
--- !u!245 &24500006
AudioMixerSnapshotController:
  m_ObjectHideFlags: 0
  m_CorrespondingSourceObject: {fileID: 0}
  m_PrefabInstance: {fileID: 0}
  m_PrefabAsset: {fileID: 0}
  m_Name: Playing
  m_AudioMixer: {fileID: 24100000}
  m_SnapshotID: e88002b0a8900a54abda1d8f3a8416c2
  m_FloatValues:
    441eba108bdf44c4ab9e2ac50c051403: 1.3554516
    82ded8c0c784d904a9821d910baa3f59: 10.8
    edbebcd05be709841a2d099f581a7fa9: 0.5
    89aa2a4188187a441baefb6ebc5ef01a: -15.421314
    16250a6116e07fa41a5ca7dd0d931510: 1.3299997
    bbe74f711180034438db4dfd5d781e9d: 4.3
    bcd92481c1f1f1a4ba1854e3fa70fd28: 20000
    ff547a815ec787848b7c7db693f6b9a8: 1.63
    9c3d6c817de0da846aa2c6233891405c: 32
    f1bcd7f14f9809e459d331e4830f1ad7: 1.1599998
    3866aa123bca14f45b37ad7c51595aca: 25.929075
    dae2e34202fecef488e3b9da89d1d075: -5539
    2dac8b139d665ec45a45c8e1cc490d1e: -7
    1bebd783f5b5ffb46881db756720f54f: 13.4
    25eb7ac35a6f5f04691fdcb1405a1f4c: 9.1
    50b0c4751d3e1404fa65a2154599e429: 28.39
    8915aa268a401d64d88244cdb4bc0d9a: 22000
    5c1bf9a6b1f9ab3408915638f6cab513: 1
    a9a5e527f1de05949822f063b0b35e9f: 1.3
    a77eabf79e25c1445aaef3646c95b62e: 1
    94cf92889eca935469e511056e1073ea: 1
    201723a98ed3435498467af63bf1ec69: 1.1299999
    8c0f512a577c1a44bbe550a1531a2098: 22000
    fd19cc4a2b11362458d20daed8051546: 1
    21a79c7a1b4049745b2b5ec1b574fdc2: 1319
    a209c8bab564cbd43868727a47f4c433: 1
    6d1c33cbfb53e9a4b89cbbd01f47bdaa: 884
    4dc8e3db735d0e04faea88460079c42a: 900
    7f0d7d1cf9d4cd94f9dec498a7f657ac: 2.8
    b9eda03ce91a4c24e8964fbc1f5d8818: 3468
    662c746cde4d5164f95547bfc186bedb: 51.5002
    25da348c388c5e74fbea356d653e2504: 43.660385
    f6c8bd0d3a22fda4fbd8323cfb355d75: -7
  m_TransitionOverrides: {}
--- !u!243 &243237012052660430
AudioMixerGroupController:
  m_ObjectHideFlags: 0
  m_CorrespondingSourceObject: {fileID: 0}
  m_PrefabInstance: {fileID: 0}
  m_PrefabAsset: {fileID: 0}
  m_Name: UI Stingers
  m_AudioMixer: {fileID: 24100000}
  m_GroupID: 0c242419a1cd3444fbc55c6c10eca112
  m_Children: []
  m_Volume: f010e61a5a9295143a70a6cae5510ac5
  m_Pitch: 182dde54c9f60da4396713b76a1a3c75
  m_Effects:
  - {fileID: 244313002398296578}
  m_UserColorIndex: 1
  m_Mute: 0
  m_Solo: 0
  m_BypassEffects: 0
--- !u!243 &243440200689594062
AudioMixerGroupController:
  m_ObjectHideFlags: 0
  m_CorrespondingSourceObject: {fileID: 0}
  m_PrefabInstance: {fileID: 0}
  m_PrefabAsset: {fileID: 0}
  m_Name: Game Music
  m_AudioMixer: {fileID: 24100000}
  m_GroupID: 0516c1797ad6cbd478edf7b5595d034c
  m_Children: []
  m_Volume: 2dac8b139d665ec45a45c8e1cc490d1e
  m_Pitch: 94cf92889eca935469e511056e1073ea
  m_Effects:
  - {fileID: 244479299757828062}
  - {fileID: 244641969227003246}
  - {fileID: 244233781500485204}
  - {fileID: 244300065850819742}
  m_UserColorIndex: 2
  m_Mute: 0
  m_Solo: 0
  m_BypassEffects: 0
--- !u!243 &243601046005597456
AudioMixerGroupController:
  m_ObjectHideFlags: 0
  m_CorrespondingSourceObject: {fileID: 0}
  m_PrefabInstance: {fileID: 0}
  m_PrefabAsset: {fileID: 0}
  m_Name: UI Music
  m_AudioMixer: {fileID: 24100000}
  m_GroupID: 2125acf9209044d41a136f274254e49f
  m_Children: []
  m_Volume: f6c8bd0d3a22fda4fbd8323cfb355d75
  m_Pitch: edbebcd05be709841a2d099f581a7fa9
  m_Effects:
  - {fileID: 244984220075721324}
  - {fileID: 244705211004014498}
  - {fileID: 244514619291810838}
  m_UserColorIndex: 1
  m_Mute: 0
  m_Solo: 0
  m_BypassEffects: 0
--- !u!243 &243900411927270818
AudioMixerGroupController:
  m_ObjectHideFlags: 0
  m_CorrespondingSourceObject: {fileID: 0}
  m_PrefabInstance: {fileID: 0}
  m_PrefabAsset: {fileID: 0}
  m_Name: Game SFX
  m_AudioMixer: {fileID: 24100000}
  m_GroupID: 4a577946a7c85244b98eff3253fc52ac
  m_Children: []
  m_Volume: 89aa2a4188187a441baefb6ebc5ef01a
  m_Pitch: 90d99a14e747d6c41b63f673397f96af
  m_Effects:
  - {fileID: 244525116363958422}
  m_UserColorIndex: 2
  m_Mute: 0
  m_Solo: 0
  m_BypassEffects: 0
--- !u!243 &243976408269241956
AudioMixerGroupController:
  m_ObjectHideFlags: 0
  m_CorrespondingSourceObject: {fileID: 0}
  m_PrefabInstance: {fileID: 0}
  m_PrefabAsset: {fileID: 0}
  m_Name: UI SFX
  m_AudioMixer: {fileID: 24100000}
  m_GroupID: 857ca8d0ad4012c42aa71e9434d355e7
  m_Children: []
  m_Volume: 9d986966bd1f0df42b68f14ceffbbd8e
  m_Pitch: d803db81623842345ad8bf25724c550d
  m_Effects:
  - {fileID: 244294962473503706}
  m_UserColorIndex: 1
  m_Mute: 0
  m_Solo: 0
  m_BypassEffects: 0
--- !u!244 &244233781500485204
AudioMixerEffectController:
  m_ObjectHideFlags: 3
  m_CorrespondingSourceObject: {fileID: 0}
  m_PrefabInstance: {fileID: 0}
  m_PrefabAsset: {fileID: 0}
  m_Name: 
  m_EffectID: ebd39204a326e8c41b6d751f358471fb
  m_EffectName: Pitch Shifter
  m_MixLevel: 355197a8b65f29b4893cfe7330da6659
  m_Parameters:
  - m_ParameterName: Pitch
    m_GUID: b5a9427f9a7c2a543bcb53d9af26323f
  - m_ParameterName: FFT size
    m_GUID: b9eda03ce91a4c24e8964fbc1f5d8818
  - m_ParameterName: Overlap
    m_GUID: 82ded8c0c784d904a9821d910baa3f59
  - m_ParameterName: Max channels
    m_GUID: d72c3c52510168744b5dcca1e1c7c8f0
  m_SendTarget: {fileID: 0}
  m_EnableWetMix: 0
  m_Bypass: 0
--- !u!244 &244294962473503706
AudioMixerEffectController:
  m_ObjectHideFlags: 3
  m_CorrespondingSourceObject: {fileID: 0}
  m_PrefabInstance: {fileID: 0}
  m_PrefabAsset: {fileID: 0}
  m_Name: 
  m_EffectID: a782317d16b8b0b448646174ac7576a1
  m_EffectName: Attenuation
  m_MixLevel: a36551f933f2f9f4a82a38ede12162c2
  m_Parameters: []
  m_SendTarget: {fileID: 0}
  m_EnableWetMix: 0
  m_Bypass: 0
--- !u!244 &244300065850819742
AudioMixerEffectController:
  m_ObjectHideFlags: 3
  m_CorrespondingSourceObject: {fileID: 0}
  m_PrefabInstance: {fileID: 0}
  m_PrefabAsset: {fileID: 0}
  m_Name: 
  m_EffectID: 3ea2e21caf742c7469d972714a76960b
  m_EffectName: SFX Reverb
  m_MixLevel: f730abb90edc88f4da22779c68d4a1ba
  m_Parameters:
  - m_ParameterName: Dry Level
    m_GUID: aec6ee7fae4f2e648aeebeaa601b495c
  - m_ParameterName: Room
    m_GUID: dae2e34202fecef488e3b9da89d1d075
  - m_ParameterName: Room HF
    m_GUID: a77ea82d7c6a963448d4347564968743
  - m_ParameterName: Decay Time
    m_GUID: 8d8a2f2db83f8f046923cb76eddc8222
  - m_ParameterName: Decay HF Ratio
    m_GUID: 88f2ce0cab5b75247a979c8bc271ab64
  - m_ParameterName: Reflections
    m_GUID: 7cebf81a365df2447b88e18998341ee5
  - m_ParameterName: Reflect Delay
    m_GUID: e9d6ad9fc45471a4e87334047f94babc
  - m_ParameterName: Reverb
    m_GUID: 51105a53d2b81de48b1c76c41c684818
  - m_ParameterName: Reverb Delay
    m_GUID: 362a2115c42c11047ba6adf75dc4c93e
  - m_ParameterName: Diffusion
    m_GUID: 209be97b3166ded4b87593ab39c79842
  - m_ParameterName: Density
    m_GUID: 024458d85e474f9428a8860e62e780f3
  - m_ParameterName: HF Reference
    m_GUID: f18516ba53dcac945ae371a68bc8f116
  - m_ParameterName: Room LF
    m_GUID: 70c708df150fe5741a1a602be0e079b8
  - m_ParameterName: LF Reference
    m_GUID: 423cbb88617ba764ea94c01799315a64
  m_SendTarget: {fileID: 0}
  m_EnableWetMix: 0
  m_Bypass: 0
--- !u!244 &244313002398296578
AudioMixerEffectController:
  m_ObjectHideFlags: 3
  m_CorrespondingSourceObject: {fileID: 0}
  m_PrefabInstance: {fileID: 0}
  m_PrefabAsset: {fileID: 0}
  m_Name: 
  m_EffectID: ecbafe1526b45a64c8a6d8487edb5033
  m_EffectName: Attenuation
  m_MixLevel: 3396624002e34e24f99858faf1e3cf6c
  m_Parameters: []
  m_SendTarget: {fileID: 0}
  m_EnableWetMix: 0
  m_Bypass: 0
--- !u!244 &244479299757828062
AudioMixerEffectController:
  m_ObjectHideFlags: 3
  m_CorrespondingSourceObject: {fileID: 0}
  m_PrefabInstance: {fileID: 0}
  m_PrefabAsset: {fileID: 0}
  m_Name: 
  m_EffectID: db0f0d39297100c4fb8577865b332d29
  m_EffectName: Attenuation
  m_MixLevel: d7e2b517ed9b23b4a86b10a21647aa53
  m_Parameters: []
  m_SendTarget: {fileID: 0}
  m_EnableWetMix: 0
  m_Bypass: 0
--- !u!244 &244514619291810838
AudioMixerEffectController:
  m_ObjectHideFlags: 3
  m_CorrespondingSourceObject: {fileID: 0}
  m_PrefabInstance: {fileID: 0}
  m_PrefabAsset: {fileID: 0}
  m_Name: 
  m_EffectID: 1ac54238ed057324eb856fca919a6d96
  m_EffectName: Pitch Shifter
  m_MixLevel: fa05bc0677f4f2141baeb8d9c411d606
  m_Parameters:
  - m_ParameterName: Pitch
    m_GUID: 5c1bf9a6b1f9ab3408915638f6cab513
  - m_ParameterName: FFT size
    m_GUID: 21a79c7a1b4049745b2b5ec1b574fdc2
  - m_ParameterName: Overlap
    m_GUID: 9c3d6c817de0da846aa2c6233891405c
  - m_ParameterName: Max channels
    m_GUID: 6ea1a04dab41bd34c83b2a1d87fcedba
  m_SendTarget: {fileID: 0}
  m_EnableWetMix: 0
  m_Bypass: 0
--- !u!244 &244525116363958422
AudioMixerEffectController:
  m_ObjectHideFlags: 3
  m_CorrespondingSourceObject: {fileID: 0}
  m_PrefabInstance: {fileID: 0}
  m_PrefabAsset: {fileID: 0}
  m_Name: 
  m_EffectID: c137880b16909b84bbac5cf37c7635fc
  m_EffectName: Attenuation
  m_MixLevel: 998d158e4d89fae46bf16f3b61e98596
  m_Parameters: []
  m_SendTarget: {fileID: 0}
  m_EnableWetMix: 0
  m_Bypass: 0
--- !u!244 &244641969227003246
AudioMixerEffectController:
  m_ObjectHideFlags: 3
  m_CorrespondingSourceObject: {fileID: 0}
  m_PrefabInstance: {fileID: 0}
  m_PrefabAsset: {fileID: 0}
  m_Name: 
  m_EffectID: 0a26b2e359c43fb47a4d24ca02644b60
  m_EffectName: Lowpass
  m_MixLevel: 402658f14fe18f14394e399368f67497
  m_Parameters:
  - m_ParameterName: Cutoff freq
    m_GUID: bcd92481c1f1f1a4ba1854e3fa70fd28
  - m_ParameterName: Resonance
    m_GUID: 7f0d7d1cf9d4cd94f9dec498a7f657ac
  m_SendTarget: {fileID: 0}
  m_EnableWetMix: 0
  m_Bypass: 0
--- !u!244 &244705211004014498
AudioMixerEffectController:
  m_ObjectHideFlags: 3
  m_CorrespondingSourceObject: {fileID: 0}
  m_PrefabInstance: {fileID: 0}
  m_PrefabAsset: {fileID: 0}
  m_Name: 
  m_EffectID: d51990b829a47864486bf959d6913e9d
  m_EffectName: Lowpass
  m_MixLevel: 5d6bd411294b09f4aa9e2f0034e66768
  m_Parameters:
  - m_ParameterName: Cutoff freq
    m_GUID: 4dc8e3db735d0e04faea88460079c42a
  - m_ParameterName: Resonance
    m_GUID: 382f35582c0145e46b8aaa4be99f5c94
  m_SendTarget: {fileID: 0}
  m_EnableWetMix: 0
  m_Bypass: 0
--- !u!244 &244984220075721324
AudioMixerEffectController:
  m_ObjectHideFlags: 3
  m_CorrespondingSourceObject: {fileID: 0}
  m_PrefabInstance: {fileID: 0}
  m_PrefabAsset: {fileID: 0}
  m_Name: 
  m_EffectID: bea6919fac9ff6441a620bf86daae9ff
  m_EffectName: Attenuation
  m_MixLevel: 669c45f2a8011f04b865f2b2b9b3e3a0
  m_Parameters: []
  m_SendTarget: {fileID: 0}
  m_EnableWetMix: 0
  m_Bypass: 0
--- !u!245 &245271120003449042
AudioMixerSnapshotController:
  m_ObjectHideFlags: 0
  m_CorrespondingSourceObject: {fileID: 0}
  m_PrefabInstance: {fileID: 0}
  m_PrefabAsset: {fileID: 0}
  m_Name: Paused
  m_AudioMixer: {fileID: 24100000}
  m_SnapshotID: 5ff6cd4cf5093304ea676f4b1bed289c
  m_FloatValues:
    441eba108bdf44c4ab9e2ac50c051403: 1.3554516
    82ded8c0c784d904a9821d910baa3f59: 10.8
    edbebcd05be709841a2d099f581a7fa9: 0.5
    89aa2a4188187a441baefb6ebc5ef01a: -15.421314
    bbe74f711180034438db4dfd5d781e9d: 3.9
    bcd92481c1f1f1a4ba1854e3fa70fd28: 393
    9c3d6c817de0da846aa2c6233891405c: 32
    f1bcd7f14f9809e459d331e4830f1ad7: 1.1200001
    dae2e34202fecef488e3b9da89d1d075: -5539
    2dac8b139d665ec45a45c8e1cc490d1e: -7
    362a2115c42c11047ba6adf75dc4c93e: 0.04
    50b0c4751d3e1404fa65a2154599e429: 28.39
    8915aa268a401d64d88244cdb4bc0d9a: 41
    9d986966bd1f0df42b68f14ceffbbd8e: -0.19117308
    5c1bf9a6b1f9ab3408915638f6cab513: 1
    a9a5e527f1de05949822f063b0b35e9f: 1.2699997
    9ae77e8746f3a3243b9eda2849e18049: 1.1499999
    94cf92889eca935469e511056e1073ea: 0.5
    201723a98ed3435498467af63bf1ec69: 1.1899998
    8c0f512a577c1a44bbe550a1531a2098: 377
    fd19cc4a2b11362458d20daed8051546: 1
    5ba1186ae22ad854d9176bbc186c18f1: 286.03238
    21a79c7a1b4049745b2b5ec1b574fdc2: 1319
    a209c8bab564cbd43868727a47f4c433: 1
    64f869eac1ee4324b89e5406bd9d1ebf: 1
    4dc8e3db735d0e04faea88460079c42a: 895
    7f0d7d1cf9d4cd94f9dec498a7f657ac: 2.6
    b9eda03ce91a4c24e8964fbc1f5d8818: 3468
    662c746cde4d5164f95547bfc186bedb: 60.271774
    25da348c388c5e74fbea356d653e2504: 85.06976
    f6c8bd0d3a22fda4fbd8323cfb355d75: -7
    6ea1a04dab41bd34c83b2a1d87fcedba: 0
    3ab1ef3f28d1eec40ab96c567b619a97: 1
    aec6ee7fae4f2e648aeebeaa601b495c: 0
  m_TransitionOverrides:
    8915aa268a401d64d88244cdb4bc0d9a: 1
