%YAML 1.1
%TAG !u! tag:unity3d.com,2011:
--- !u!1 &1556478285725942649
GameObject:
  m_ObjectHideFlags: 0
  m_CorrespondingSourceObject: {fileID: 0}
  m_PrefabInstance: {fileID: 0}
  m_PrefabAsset: {fileID: 0}
  serializedVersion: 6
  m_Component:
  - component: {fileID: 547039259761403265}
  - component: {fileID: 3189274732929473666}
  m_Layer: 0
  m_Name: PowerUp Spawner
  m_TagString: Untagged
  m_Icon: {fileID: 0}
  m_NavMeshLayer: 0
  m_StaticEditorFlags: 0
  m_IsActive: 1
--- !u!4 &547039259761403265
Transform:
  m_ObjectHideFlags: 0
  m_CorrespondingSourceObject: {fileID: 0}
  m_PrefabInstance: {fileID: 0}
  m_PrefabAsset: {fileID: 0}
  m_GameObject: {fileID: 1556478285725942649}
  m_LocalRotation: {x: 0, y: 0, z: 0, w: 1}
  m_LocalPosition: {x: 0, y: 0, z: 0}
  m_LocalScale: {x: 1, y: 1, z: 1}
  m_Children: []
  m_Father: {fileID: 1899472648171714941}
  m_RootOrder: 0
  m_LocalEulerAnglesHint: {x: 0, y: 0, z: 0}
--- !u!114 &3189274732929473666
MonoBehaviour:
  m_ObjectHideFlags: 0
  m_CorrespondingSourceObject: {fileID: 0}
  m_PrefabInstance: {fileID: 0}
  m_PrefabAsset: {fileID: 0}
  m_GameObject: {fileID: 1556478285725942649}
  m_Enabled: 1
  m_EditorHideFlags: 0
  m_Script: {fileID: 11500000, guid: 538a20dcc4dc38544bd4d19e454c0679, type: 3}
  m_Name: 
  m_EditorClassIdentifier: 
  Star: {fileID: 5497002212321461199, guid: 31013425fc37ca94399af0e9e478c5ca, type: 3}
  Star2: {fileID: 1690348457483625721, guid: d5e73e89a731de6478e411d19488ccca, type: 3}
  Star3: {fileID: 4619156914964918968, guid: 6036359becaa6884a82fbb89c5759cb1, type: 3}
  CoinMagnetObject: {fileID: 4624507280433226018, guid: 199331bb31fca234db141d9ebff06c96,
    type: 3}
  amountOfPowerUps: 1
  minX: -2.55
  maxX: 2.55
--- !u!1 &1899472648171714819
GameObject:
  m_ObjectHideFlags: 0
  m_CorrespondingSourceObject: {fileID: 0}
  m_PrefabInstance: {fileID: 0}
  m_PrefabAsset: {fileID: 0}
  serializedVersion: 6
  m_Component:
  - component: {fileID: 1899472648171714941}
  - component: {fileID: 1899472648171714818}
  - component: {fileID: 1899472648171714940}
  - component: {fileID: 3575315186156146400}
  - component: {fileID: 9086147540698817795}
  m_Layer: 0
  m_Name: Game Manager
  m_TagString: Untagged
  m_Icon: {fileID: 0}
  m_NavMeshLayer: 0
  m_StaticEditorFlags: 0
  m_IsActive: 1
--- !u!4 &1899472648171714941
Transform:
  m_ObjectHideFlags: 0
  m_CorrespondingSourceObject: {fileID: 0}
  m_PrefabInstance: {fileID: 0}
  m_PrefabAsset: {fileID: 0}
  m_GameObject: {fileID: 1899472648171714819}
  m_LocalRotation: {x: 0, y: 0, z: 0, w: 1}
  m_LocalPosition: {x: -0.9659049, y: -6.0221906, z: 0.99609375}
  m_LocalScale: {x: 1, y: 1, z: 1}
  m_Children:
  - {fileID: 547039259761403265}
  m_Father: {fileID: 0}
  m_RootOrder: 0
  m_LocalEulerAnglesHint: {x: 0, y: 0, z: 0}
--- !u!114 &1899472648171714818
MonoBehaviour:
  m_ObjectHideFlags: 0
  m_CorrespondingSourceObject: {fileID: 0}
  m_PrefabInstance: {fileID: 0}
  m_PrefabAsset: {fileID: 0}
  m_GameObject: {fileID: 1899472648171714819}
  m_Enabled: 1
  m_EditorHideFlags: 0
  m_Script: {fileID: 11500000, guid: 777cabfe834cd2b4ab99c8ade424865c, type: 3}
  m_Name: 
  m_EditorClassIdentifier: 
  gameHasEnded: 0
  restartDelay: 1
  DeathMenu: {fileID: 0}
  playerObject: {fileID: 0}
  Camera: {fileID: 0}
  BG3: {fileID: 0}
  moveSpeed: 2
  accel: 0.1
  n: 5
  DistanceY: 0
  paused: 0
  T: 0
  CyclicT: 0
  Turbo: 0
  TurboBoostMult: 4
  AM: {fileID: 0}
--- !u!114 &1899472648171714940
MonoBehaviour:
  m_ObjectHideFlags: 0
  m_CorrespondingSourceObject: {fileID: 0}
  m_PrefabInstance: {fileID: 0}
  m_PrefabAsset: {fileID: 0}
  m_GameObject: {fileID: 1899472648171714819}
  m_Enabled: 1
  m_EditorHideFlags: 0
  m_Script: {fileID: 11500000, guid: 22c2d0ef07d5d1b4f85075a9af4f759d, type: 3}
  m_Name: 
  m_EditorClassIdentifier: 
  pauseMenuUI: {fileID: 0}
  menuSceneName: MainMenu
  paused: {fileID: 245271120003449042, guid: 66bbb84f7a1936241bd5c2a11e2a75a8, type: 2}
  playing: {fileID: 24500006, guid: 66bbb84f7a1936241bd5c2a11e2a75a8, type: 2}
  AM: {fileID: 0}
  player: {fileID: 0}
--- !u!114 &3575315186156146400
MonoBehaviour:
  m_ObjectHideFlags: 0
  m_CorrespondingSourceObject: {fileID: 0}
  m_PrefabInstance: {fileID: 0}
  m_PrefabAsset: {fileID: 0}
  m_GameObject: {fileID: 1899472648171714819}
  m_Enabled: 1
  m_EditorHideFlags: 0
  m_Script: {fileID: 11500000, guid: 2d49de84d7565844db33738fe9ea945a, type: 3}
  m_Name: 
  m_EditorClassIdentifier: 
  loadingScreen: {fileID: 6557068593730708453, guid: 0ffe3bc589aca5f4482f11b042651f58,
    type: 3}
  slider: {fileID: 0}
  progressText: {fileID: 0}
--- !u!114 &9086147540698817795
MonoBehaviour:
  m_ObjectHideFlags: 0
  m_CorrespondingSourceObject: {fileID: 0}
  m_PrefabInstance: {fileID: 0}
  m_PrefabAsset: {fileID: 0}
  m_GameObject: {fileID: 1899472648171714819}
  m_Enabled: 1
  m_EditorHideFlags: 0
  m_Script: {fileID: 11500000, guid: 4b07d140296ba544ea6725517952eb04, type: 3}
  m_Name: 
  m_EditorClassIdentifier: 
  S1: {fileID: 0}
  scoreCounter: {fileID: 0}
  highScore: {fileID: 0}
  player: {fileID: 0}
  ShardScore: {fileID: 0}
